{1:F01ADCBAEAAAXXX0000000000}{2:I940ADCBAEAAXXXXN}{4:
:20:29193278
:25:13900131920001
:28C:12962/1
:60F:C250801AED1820428,37
:61:2508010801C7000,00NCHK000043
:86:321 3
000043
:61:2508010801C5830,00NCHK024049
:86:609 2
024049
:61:2508010801C5000,00NCHK000048
:86:SH16 AVE
000048
:61:2508010801C1498,37NTRFPHUB518336030
:86:.
PHUB518336030
:61:2508010801C25650,00NCHK000584
:86:SH03 3
000584
:61:2508010801C19750,00NCHK000005
:86:SH03 4
000005
:61:2508010801C19000,00NCHK200129
:86:406 3
200129
:61:2508010801C11000,00NCHK357020
:86:512 3
357020
:61:2508010801C10500,00NCHK000001
:86:803 3
000001
:61:2508010801C15813,00NCHK100047
:86:802 4
100047
:61:2508010801C9500,00NCHK000142
:86:809 3
000142
:61:2508010801D9500,00NRTI2508011851401678
:86:809 3
NOREF
:61:2508010801C15180,00NCHK000056
:86:203 2
000056
:61:2508010801C12160,00NCHK100102
:86:811 3
100102
:61:2508010801C6830,00NCHK217175
:86:325 3
217175
:61:2508010801C12000,00NCHK197494
:86:402 2
197494
:61:2508010801C6500,00NCHK000034
:86:106 3
000034
:61:2508010801C6660,00NCHK000007
:86:210 3
000007
:61:2508010801C5000,00NCHK623718
:86:SH03 AVE
623718
:61:2508010801C7250,00NCHK100006
:86:SH07 AVN
100006
:61:2508010801D7250,00NRTI2508011925597557
:86:SH07 AVN
NOREF
:61:2508010801C20000,00NCHK700005
:86:SR05AVN
700005
:61:2508010801C10500,00NCHK000021
:86:216 3
000021
:61:2508010801C7160,00NCHK000005
:86:317 3
000005
:61:2508010801C5000,00NCHK500063
:86:SH09 AVE
500063
:61:2508010801C4160,00NCHK000013
:86:703 1
000013
:61:2508010801C5830,00NTRFPHUB518565420
:86:.
PHUB518565420
:61:2508020802C6330,00NTRFPHUB518637019
:86:.
PHUB518637019
:61:2508020802C1954,00NTRF50707078534
:86:.
50707078534
:61:2508020802D3084,62NCHK000188
:86:.
000188
:61:2508020802C41659,00NCHK000341
:86:SP01VI
000341
:61:2508020802C1000,00NTRFPHUB518784145
:86:.
PHUB518784145
:61:2508020802C9922,50NTRFPHUB518861237
:86:MOB0208251428237959343
PHUB518861237
:61:2508020802C9500,00NTRF51170802252124
:86:.
51170802252124
:61:2508020802C13156,64NCHK030744
:86:BROTHER GAS
030744
:61:2508020802C6160,00NCHK000039
:86:806 1
000039
:61:2508020802C6250,00NCHK000004
:86:701 2
000004
:61:2508040804D1142,25NCHK000186
:86:.
000186
:61:2508040804C4300,00NTRF70280804253033
:86:.
70280804253033
:61:2508040804C7160,00NCHK000017
:86:307 3
000017
:61:2508040804C8666,00NCHK000002
:86:707 2
000002
:61:2508040804C7000,00NCHK000013
:86:601 2
000013
:61:2508040804C6830,00NCHK000018
:86:306 3
000018
:61:2508040804D6830,00NRTI2508041835106440
:86:306 3
NOREF
:61:2508040804C10750,00NCHK000052
:86:709 1
000052
:61:2508040804C5830,00NCHK000004
:86:7041
000004
:61:2508040804D5830,00NRTI2508041848478763
:86:7041
NOREF
:61:2508050805D508599,00NCHK000147
:86:.
000147
:61:2508050805C6700,00NCHK000005
:86:205 3
000005
:61:2508050805C8500,00NCHK000003
:86:6031
000003
:61:2508050805C8500,00NCHK000013
:86:7092
000013
:61:2508050805C15810,00NCHK000025
:86:207 2
000025
:61:2508050805C5660,00NCHK000003
:86:310 1
000003
:61:2508050805C6000,00NCHK121635
:86:2123
121635
:61:2508050805C7500,00NCHK000049
:86:507 1
000049
:61:2508050805C10500,00NCHK229429
:86:404 3
229429
:61:2508050805C10000,00NCHK000022
:86:105 4
000022
:61:2508050805C10350,00NCHK000029
:86:409 3
000029
:61:2508050805C16500,00NCHK438108
:86:701 4
438108
:61:2508050805C6500,00NCHK000012
:86:203 3
000012
:61:2508050805C11666,00NCHK000059
:86:301 4
000059
:61:2508050805C5660,00NCHK460847
:86:401 2
460847
:61:2508050805D5660,00NRTI2508051858071576
:86:401 2
NOREF
:61:2508050805C20000,00NCHK000064
:86:806 3
000064
:61:2508050806C5660,00NTRFPHUB520474585
:86:.
PHUB520474585
:61:2508060806C8300,00NCHK000021
:86:708 2
000021
:61:2508060806C20585,00NTRFPHUB520535801
:86:.
PHUB520535801
:61:2508060806D1100,00NCHK000190
:86:.
000190
:61:2508060806C10900,00NCHK000001
:86:302 2
000001
:61:2508060806C3000,00NTRFPHUB520818845
:86:.
PHUB520818845
:61:2508060806C15000,00NTRFPHUB520825917
:86:.
PHUB520825917
:61:2508060806C10000,00NCHK000059
:86:602 2
000059
:61:2508060807C4125,00NTRFPHUB520944582
:86:.
PHUB520944582
:61:2508070807C6500,00NCHK000008
:86:127 3
000008
:61:2508070807D1859,50NCHK000177
:86:.
000177
:61:2508070807C82500,00NTRFPHUB521050805
:86:.
PHUB521050805
:61:2508070807D800,00NCHK000189
:86:.
000189
:61:2508070807D1000000,00NTRF50832511065
:86:.
50832511065
:61:2508070807C5830,00NCHK000013
:86:309 1
000013
:61:2508070807C82500,00NCHK000002
:86:SH05 3
000002
:61:2508070807D82500,00NRTI2508071817465593
:86:SH05 3
NOREF
:61:2508070807C4125,00NCHK000004
:86:SH05 3
000004
:61:2508070807D4125,00NRTI2508071824590406
:86:SH05 3
NOREF
:61:2508080808C11000,00NCHK000013
:86:PACT80358
000013
:61:2508080808C11135,00NTRFPHUB521720267
:86:.
PHUB521720267
:61:2508090809C15000,00NCHK009684
:86:SH02 1
009684
:61:2508090809C15166,00NCHK000021
:86:303 4
000021
:61:2508110811C5830,00NTRF56350811259588
:86:.
56350811259588
:61:2508110811C11500,00NCHK000076
:86:805 3
000076
:61:2508110811C1000,00NTRF50921667936
:86:.
50921667936
:61:2508110811C6660,00NCHK100026
:86:510 2
100026
:61:2508110811C7160,00NCHK000004
:86:225 3
000004
:61:2508110811C12830,00NCHK000010
:86:8083
000010
:61:2508110811C9660,00NCHK004134
:86:403 2
004134
:61:2508110811C10800,00NCHK000224
:86:108 1
000224
:61:2508110811C27250,00NCHK000007
:86:204 1
000007
:61:2508110811C8080,00NTRF56600811253035
:86:.
56600811253035
:61:2508110811C17000,00NCHK000140
:86:706 3
000140
:61:2508110811C6330,00NCHK000026
:86:305 1
000026
:61:2508110811C8660,00NCHK100060
:86:3032
100060
:61:2508110811C6330,00NCHK000015
:86:107 3
000015
:61:2508110811D6330,00NRTI2508111951529612
:86:107 3
NOREF
:61:2508110811C17250,00NCHK000187
:86:608 3
000187
:61:2508120812D19338,38NCHK000183
:86:.
000183
:61:2508120812C8330,00NCHK000003
:86:HC1 3
000003
:61:2508120812D8330,00NRTI2508121753048888
:86:HC1 3
NOREF
:61:2508120812C2000,00NTRFPHUB523290172
:86:.
PHUB523290172
:61:2508130813C9400,00NTRF50966856454
:86:.
50966856454
:61:2508130813C4887,50NCHK000202
:86:PACT80885
000202
:61:2508130813C24437,50NCHK000203
:86:PACT80886
000203
:61:2508130813C6660,00NCHK100050
:86:504 2
100050
:61:2508140814C1000,00NTRFPHUB523861436
:86:.
PHUB523861436
:61:2508140814C16170,00NTRFPHUB523886804
:86:.
PHUB523886804
:61:2508140814D950,00NCHK000193
:86:.
000193
:61:2508140814C13300,00NCHK000124
:86:707 3
000124
:61:2508140814C6680,00NCHK000013
:86:215 3
000013
:61:2508140814C12500,00NCHK000047
:86:812 3
000047
:61:2508150815C6200,00NCHK000079
:86:4062
000079
:61:2508150815D147,00NCHK000194
:86:.
000194
:61:2508150815C20000,00NCHK000024
:86:702 4
000024
:61:2508150815C6500,00NCHK399259
:86:8041
399259
:61:2508150815C6600,00NCHK500022
:86:309 3
500022
:61:2508150815C9167,00NCHK100015
:86:502 2
100015
:61:2508150815C6330,00NCHK000017
:86:304 1
000017
:61:2508150815C1050,00NCHK100093
:86:PACT81271
100093
:61:2508150815C6160,00NCHK000006
:86:318 3
000006
:61:2508150815C12680,00NCHK000041
:86:PACT81388
000041
:61:2508150815C14000,00NCHK746362
:86:508 1
746362
:61:2508150815C15500,00NCHK000022
:86:204 4
000022
:61:2508150815C12500,00NCHK000004
:86:804 4
000004
:61:2508150815C7200,00NCHK000019
:86:2273
000019
:61:2508150815C14000,00NCHK000010
:86:701 3
000010
:61:2508150815C9500,00NCHK000041
:86:407 2
000041
:61:2508150815C6660,00NCHK000142
:86:410 2
000142
:61:2508150815C11665,00NCHK000957
:86:R02 1
000957
:61:2508150815C18250,00NCHK416200
:86:611 3
416200
:61:2508150815C13085,00NCHK100094
:86:PACT81272
100094
:61:2508150815C6400,00NCHK000019
:86:605 2
000019
:61:2508160816C1000,00NTRF51170816251601
:86:.
51170816251601
:61:2508160816C18750,00NCHK000027
:86:SH02 4
000027
:61:2508160816D18750,00NRTI2508161612582089
:86:SH02 4
NOREF
:61:2508160816C17400,00NCHK000060
:86:108 2
000060
:61:2508190819D232,00NCHK000175
:86:.
000175
:61:2508190819C6660,00NTRFPHUB525909317
:86:.
PHUB525909317
:61:2508190819C2500,00NTRFPHUB525961835
:86:.
PHUB525961835
:61:2508200820C6750,00NCHK000036
:86:PACT81703
000036
:61:2508200820C5000,00NCHK000003
:86:SH02 AVE
000003
:61:2508200820D6031,69NCHK000197
:86:.
000197
:61:2508200820D2100,00NCHK000198
:86:.
000198
:61:2508200820C10630,00NCHK000077
:86:2082
000077
:61:2508200820D10630,00NRTI2508201649393475
:86:2082
NOREF
:61:2508200820C2750,00NTRFPHUB526295893
:86:.
PHUB526295893
:61:2508200820C5000,00NCHK000017
:86:SR04 AVE
000017
:61:2508200820C7160,00NCHK000004
:86:2243
000004
:61:2508200820C12500,00NTRFPHUB526327640
:86:.
PHUB526327640
:61:2508200820C16000,00NCHK000053
:86:711 3
000053
:61:2508200820C6330,00NCHK000009
:86:606 1
000009
:61:2508200820C7160,00NCHK000030
:86:5092
000030
:61:2508200820D7160,00NRTI2508201906288344
:86:5092
NOREF
:61:2508200820C6830,00NCHK000013
:86:123 3
000013
:61:2508200820C9500,00NCHK000554
:86:405 2
000554
:61:2508200820C6300,00NCHK000040
:86:404 1
000040
:61:2508200820C9750,00NCHK153799
:86:108 3
153799
:61:2508200820C22660,00NCHK389397
:86:SH03 2
389397
:61:2508210821D8350,00NTRFPHUB526622705
:86:PACT-1-81906
PHUB526622705
:61:2508210821C1000,00NTRFPHUB526655077
:86:.
PHUB526655077
:61:2508220822C18750,00NTRFPHUB527059376
:86:.
PHUB527059376
:61:2508220822C2750,00NTRFPHUB527064630
:86:.
PHUB527064630
:61:2508220822C699,00NCHK003257
:86:PACT81986
003257
:61:2508220822C22100,00NCHK003194
:86:PACT81987
003194
:61:2508220822C78750,00NCHK500145
:86:PACT81952
500145
:61:2508220822C6830,00NCHK000018
:86:000018
000018
:61:2508220822C4420,00NCHK003198
:86:PACT81983
003198
:61:2508220822C8500,00NTRF51160822251418
:86:.
51160822251418
:61:2508230823C13750,00NCHK500362
:86:PACT82212
500362
:61:2508230823C13000,00NCHK000018
:86:304 4
000018
:61:2508230823C13750,00NCHK500367
:86:PACT82186
500367
:61:2508230823D7394,63NTRF51186146200
:86:.
51186146200
:61:2508230823D105,00NCHG51186146200
:86:.
51186146200
:61:2508230824C4666,00NTRF51187427186
:86:.
51187427186
:61:2508250825C9000,00NCHK000090
:86:101 3
000090
:61:2508250825D3155,46NCHK000200
:86:.
000200
:61:2508250825D13650,00NCHK000187
:86:.
000187
:61:2508250825C1000,00NTRFPHUB527969170
:86:.
PHUB527969170
:61:2508250825D8358,49NTRFPHUB528053563
:86:PACT-1-82406
PHUB528053563
:61:2508250825D42000,00NTRFPHUB528108359
:86:PACT-1-82515
PHUB528108359
:61:2508250825D63130,00NTRFPHUB528108362
:86:DEWA WATER CONNECTIO
PHUB528108362
:61:2508250825D10,50NCOMCHCB528108362
:86:DEWA WATER CONNECTIO
CHCB528108362
:61:2508250825C18750,00NCHK000027
:86:.
000027
:61:2508250825C6080,00NCHK500028
:86:309 2
500028
:61:2508250825C10000,00NCHK000039
:86:505 1
000039
:61:2508250825C32200,00NCHK000010
:86:SH04  2
000010
:61:2508250825C4333,00NCHK000055
:86:SH18AVEN
000055
:61:2508260826C6000,00NTRFPHUB528577340
:86:.
PHUB528577340
:61:2508260826C17500,00NTRFPHUB528680264
:86:.
PHUB528680264
:61:2508260826C1167007,46NTRFPHUB528706478
:86:.
PHUB528706478
:61:2508260826C3154634,55NTRFPHUB528730438
:86:.
PHUB528730438
:61:2508260826C16250,00NTRFPHUB528788973
:86:.
PHUB528788973
:61:2508260826C12000,00NCHK000009
:86:PACT81573
000009
:61:2508260826D12000,00NRTI2508261901491759
:86:PACT81573
NOREF
:61:2508260826D800,00NTRF51252489607
:86:.
51252489607
:61:2508270827D28500,00NCHK000012
:86:.
000012
:61:2508270827C17427,00NTRFPHUB529108863
:86:.
PHUB529108863
:61:2508270827D3575,78NCHK000196
:86:.
000196
:61:2508270827C10500,00NCHK000010
:86:109 3
000010
:61:2508270827D10500,00NRTI2508271652344388
:86:109 3
NOREF
:61:2508270827C1153,29NTRFPHUB529459710
:86:.
PHUB529459710
:61:2508270827C10340,00NCHK000005
:86:509 3
000005
:61:2508280828C12500,00NTRFPHUB529612724
:86:.
PHUB529612724
:61:2508280828D5422816,04NTRFPHUB529677855
:86:.
PHUB529677855
:61:2508280828D300000,00NCHK000015
:86:.
000015
:61:2508280828D300000,00NTRFPHUB529863436
:86:OWN ACC TRANSFER
PHUB529863436
:61:2508280828D10,50NCOMCHCB529863436
:86:OWN ACC TRANSFER
CHCB529863436
:61:2508280828D1,05NCOMCHRG529863436
:86:OWN ACC TRANSFER
CHRG529863436
:61:2508280828C12500,00NCHK000006
:86:404 4
000006
:61:2508280828C4700,00NCHK000027
:86:PACT81734
000027
:61:2508280828C15700,00NCHK000028
:86:PACT81735
000028
:61:2508280828C6410,00NCHK000073
:86:214 3
000073
:61:2508290829C2750,00NTRFPHUB530428718
:86:.
PHUB530428718
:61:2508290829C11000,00NTRFPHUB530650331
:86:.
PHUB530650331
:61:2508290829C12000,00NCHK000015
:86:607 2
000015
:61:2508290829C6680,00NTRF51331665827
:86:.
51331665827
:61:2508290830D3050,00NTRF51337289276
:86:.
51337289276
:61:2508300830C8400,00NCHK000022
:86:807 1
000022
:61:2508300830C8660,00NCHK000151
:86:5032
000151
:61:2508300830C6660,00NCHK100014
:86:319 3
100014
:61:2509010901C7160,00NCHK000016
:86:PACT50110
000016
:61:2509010901C7320,00NCHK000001
:86:328 3
000001
:61:2509010901C6680,00NCHK000013
:86:PACT74530
000013
:61:2509010901C1948,50NTRFPHUB531728836
:86:.
PHUB531728836
:61:2509010901C10000,00NCHK000010
:86:4054
000010
:61:2509010901C5830,00NTRFPHUB531822858
:86:.
PHUB531822858
:61:2509010901C1920,45NTRFPHUB531846949
:86:.
PHUB531846949
:61:2509010901D1128,75NCHK000199
:86:.
000199
:61:2509010901C17280,00NCHK000464
:86:PACT51006
000464
:61:2509010901C100000,00NTRF4
:86:.
4
:61:2509010901C8334,00NCHK500090
:86:604 3
500090
:61:2509010901C5830,00NCHK100112
:86:PACT65725
100112
:61:2509010901C7500,00NCHK500008
:86:PACT82477
500008
:61:2509010901C20120,00NCHK100096
:86:604 4
100096
:61:2509010901C31250,00NCHK001627
:86:PACT68049
001627
:61:2509010901C13000,00NCHK000044
:86:702 1
000044
:61:2509010901C14160,00NCHK000006
:86:PACT66137
000006
:61:2509010901C6650,00NCHK000007
:86:PACT17481
000007
:61:2509010901C15000,00NCHK000011
:86:PACT83687
000011
:61:2509010901C17800,00NCHK000005
:86:PACT16845
000005
:61:2509010901C19700,00NCHK000038
:86:PACT82664
000038
:61:2509010901C87500,00NCHK008307
:86:PACT68008
008307
:61:2509010901C6666,00NCHK000006
:86:PACT23061
000006
:61:2509010901C11750,00NCHK819025
:86:PACT66074
819025
:61:2509010901C7200,00NCHK000040
:86:306 2
000040
:61:2509010901C18000,00NCHK000228
:86:PACT65784
000228
:61:2509010901C6500,00NCHK100007
:86:PACT65360
100007
:61:2509010901C16750,00NCHK000016
:86:PACT 1 68222
000016
:61:2509010901C6600,00NCHK000005
:86:PACT13836
000005
:61:2509020902C1359,43NTRFPHUB532571821
:86:.
PHUB532571821
:61:2509020902D4725,00NTRFPHUB532713770
:86:PACT-1-83912
PHUB532713770
:61:2509020902D56875,00NTRFPHUB532713775
:86:PACT-1-84071
PHUB532713775
:61:2509020902D10,50NCOMCHCB532713775
:86:PACT-1-84071
CHCB532713775
:61:2509020902D1,05NCOMCHRG532713775
:86:PACT-1-84071
CHRG532713775
:61:2509020902C10630,00NTRFPHUB532768827
:86:123456789
PHUB532768827
:61:2509020902D500000,00NTRF51431299964
:86:.
51431299964
:61:2509020902C2500,00NTRFPHUB532838641
:86:.
PHUB532838641
:61:2509020902C8350,00NTRFPHUB532843321
:86:.
PHUB532843321
:61:2509020902C8160,00NCHK000055
:86:PACT66054
000055
:61:2509020902C7500,00NCHK000005
:86:PACT80671
000005
:61:2509020902C16250,00NCHK100033
:86:402 4
100033
:61:2509030903C10000,00NTRF51447840242
:86:.
51447840242
:61:2509030903C2925,66NTRFPHUB533207123
:86:.
PHUB533207123
:61:2509030903C12500,00NCHK733727
:86:703 2
733727
:61:2509030903C15500,00NCHK100274
:86:PACT84153
100274
:61:2509030903C6666,00NCHK000004
:86:610 1
000004
:61:2509030903C4650,00NCHK100273
:86:PACT84160
100273
:61:2509030903C9000,00NCHK000022
:86:PACT65590
000022
:61:2509030903C15000,00NCHK000019
:86:PACT65385
000019
:61:2509040904D2520,00NCHK000201
:86:.
000201
:61:2509040904C7000,00NCHK000007
:86:PACT66035
000007
:61:2509040904C1212,12NTRFPHUB533844927
:86:.
PHUB533844927
:61:2509040904C1896,80NTRFPHUB533846890
:86:.
PHUB533846890
:61:2509040904C1885,78NTRFPHUB533846997
:86:.
PHUB533846997
:61:2509040904C1948,50NTRFPHUB533847054
:86:.
PHUB533847054
:61:2509040904C1390,24NTRFPHUB533849278
:86:.
PHUB533849278
:61:2509040904C1890,97NTRFPHUB533849334
:86:.
PHUB533849334
:61:2509040904C1687,99NTRFPHUB533849907
:86:.
PHUB533849907
:61:2509040904C723,55NTRFPHUB533855822
:86:.
PHUB533855822
:61:2509040904C1211,35NTRFPHUB533856958
:86:.
PHUB533856958
:61:2509040904C1345,00NTRFPHUB533857849
:86:.
PHUB533857849
:61:2509040904C1974,23NTRFPHUB533857875
:86:.
PHUB533857875
:61:2509040904C1951,33NTRFPHUB533857884
:86:.
PHUB533857884
:61:2509040904C1767,93NTRFPHUB533857930
:86:.
PHUB533857930
:61:2509040904C1948,81NTRFPHUB533858009
:86:.
PHUB533858009
:61:2509040904C1790,75NTRFPHUB533865057
:86:.
PHUB533865057
:61:2509040904C1889,64NTRFPHUB533864995
:86:.
PHUB533864995
:61:2509040904C1971,58NTRFPHUB533866118
:86:.
PHUB533866118
:61:2509040904C1824,07NTRFPHUB533866119
:86:.
PHUB533866119
:61:2509040904C16,41NTRFPHUB533866930
:86:.
PHUB533866930
:61:2509040904C1262,94NTRFPHUB533866945
:86:.
PHUB533866945
:61:2509040904C1750,86NTRFPHUB533874242
:86:.
PHUB533874242
:61:2509040904C1948,50NTRFPHUB533875387
:86:.
PHUB533875387
:61:2509040904C1676,15NTRFPHUB533875481
:86:.
PHUB533875481
:61:2509040904C1840,82NTRFPHUB533876615
:86:.
PHUB533876615
:61:2509040904C1352,83NTRFPHUB533877680
:86:.
PHUB533877680
:61:2509040904C1948,50NTRFPHUB533883252
:86:.
PHUB533883252
:61:2509040904C1229,86NTRFPHUB533883278
:86:.
PHUB533883278
:61:2509040904C1948,50NTRFPHUB533884188
:86:.
PHUB533884188
:61:2509040904C1468,53NTRFPHUB533884221
:86:.
PHUB533884221
:61:2509040904C1948,50NTRFPHUB533884234
:86:.
PHUB533884234
:61:2509040904C1892,22NTRFPHUB533886249
:86:.
PHUB533886249
:61:2509040904C1459,40NTRFPHUB533886191
:86:.
PHUB533886191
:61:2509040904C1711,61NTRFPHUB533886286
:86:.
PHUB533886286
:61:2509040904C1945,92NTRFPHUB533887264
:86:.
PHUB533887264
:62F:C250904AED280927,22
-}